<record xmlns="http://www.loc.gov/MARC21/slim" xmlns:xsi="http://www.w3.org/2001/XMLSchema-instance" xsi:schemaLocation="http://www.loc.gov/MARC21/slim http://www.loc.gov/standards/marcxml/schema/MARC21slim.xsd">

  <leader>02690nam a2200193Ia 4500</leader>
  <datafield tag="999" ind1=" " ind2=" ">
    <subfield code="c">2370</subfield>
    <subfield code="d">2370</subfield>
  </datafield>
  <controlfield tag="008">180912b2012    cr ||||| |||| 00| | spa d</controlfield>
  <datafield ind1=" " tag="090" ind2=" ">
    <subfield code="a">19.02.08</subfield>
    <subfield code="b">2056</subfield>
  </datafield>
  <datafield tag="100" ind1=" " ind2=" ">
    <subfield code="a">Díaz Madrigal, María</subfield>
    <subfield code="9">1438</subfield>
  </datafield>
  <datafield ind2="3" tag="245" ind1="1">
    <subfield code="a">II Congreso Internacional de Investigación Educativa: su incidencia en la realidad social</subfield>
  </datafield>
  <datafield tag="260" ind1=" " ind2=" ">
    <subfield code="a">San José, Costa Rica : </subfield>
    <subfield code="b">INIE, </subfield>
    <subfield code="c">2012</subfield>
  </datafield>
  <datafield ind2=" " ind1=" " tag="300">
    <subfield code="a">58 páginas</subfield>
  </datafield>
  <datafield tag="500" ind1=" " ind2=" ">
    <subfield code="a">Informe final proyecto de investigación No.724-B0-733</subfield>
  </datafield>
  <datafield ind1=" " tag="520" ind2=" ">
    <subfield code="a">	El Instituto de Investigación en Educación (INIE) realizó el II Congreso Internacional de Investigación Educativa: su incidencia en la realidad social, en febrero de 2011. Dicho evento tuvo como propósito fundamental abrir un espacio propicio para el intercambio, la discusión, el análisis, la crítica, la innovación y las alianzas, para pensar en una sociedad más humana para todas aquellas personas que, cotidianamente, comparten y participan del aprender como uno de los derechos más importantes a nivel mundial. Durante los tres días de actividades, se abordaron temáticas relacionadas con: pedagogía, didáctica, evaluación, currículo, educación y proceso socio-culturales, tecnologías de la información en educación, los medios de comunicación social, la investigación educativa y trabajos interdisciplinarios en educación. El objetivo general del proyecto fue analizar los resultados de las investigaciones educativas producidas en el último quinquenio, así como su incidencia en las transformaciones del sector educativo nacional e internacional. Algunas de las conclusiones del proyecto son las siguientes: La reflexión generada en este espacio académico, evidencia, una vez más, la complejidad de los retos y desafíos actuales en torno a la formación de los seres humanos. Esta formación requiere profundas transformaciones, si queremos construir una sociedad democrática pacífica, justa y solidaria. Durante esta actividad se discutieron tópicos y, en este documento, se plantean algunas consideraciones generales que permiten orientar cambios en los procesos educativos formales, no formales e informales. Estas consideraciones surgen de las conferencias, mesas redondas, ponencias y los talleres, y finalmente de las reflexiones y comentarios que se ofrecieron en las diferentes actividades. También se discutieron procesos investigativos realizados en los últimos años, así como su impacto en cuanto al mejoramiento de la educación formal, no formal, informal, desde la educación preescolar hasta la universitaria.</subfield>
  </datafield>
  <datafield ind2="4" tag="650" ind1="1">
    <subfield code="a">INFORMES</subfield>
    <subfield code="9">267</subfield>
  </datafield>
  <datafield ind2="4" ind1="1" tag="650">
    <subfield code="a">EDUCACIÓN</subfield>
    <subfield code="9">1</subfield>
  </datafield>
  <datafield ind2="4" ind1="1" tag="650">
    <subfield code="a">CONFERENCIA</subfield>
    <subfield code="9">506</subfield>
  </datafield>
  <datafield tag="650" ind1="1" ind2="4">
    <subfield code="a">INVESTIGACIÓN EDUCATIVA</subfield>
    <subfield code="9">326</subfield>
  </datafield>
  <datafield ind1=" " tag="942" ind2=" ">
    <subfield code="2">z</subfield>
    <subfield code="c">04</subfield>
  </datafield>
</record>